@Book{orchestraRecording,
	author = "Richard King",
	title = "Recording Orchestra and Other Classical Music Ensembles",
	publisher = "Routledge",
	year = 2017,
	address = "New York City, NY"
}

@techreport{stereophonicZoom,
	author = "Michael Williams",
	title = "The Stereophonic Zoom",
	institution = "Microphone Data",
	year = 2010
}

@techreport{madd,
	author = "Michael Williams and Guillaume Le Du",
	title = "Multichannel Microphone Array Design",
	institution = "Microphone Data",
	year = 2010
}

@techreport{ambisonics,
	author = {Arteaga, Daniel},
	year = {2015},
	month = {06},
	pages = {},
	title = {Introduction to Ambisonics},
	institution = {Dolby Laboratories, Inc.}
}

@book{jurgen,
   author = {Meyer, Jurgen},
   title = {Acoustics and the Performance of Music},
   publisher = {Springer},
   edition = {5th},
   series = {Modern Acoustics and Signal Processing},
   ISBN = {978-0-387-09516-5},
   year = {2009},
   type = {Book}
}

